
@article{berg2019,
	title = {Too Good to Be True? A Comment on Hall and Krueger{\textquoteright}s Analysis of the Labor Market for Uber{\textquoteright}s Driver-Partners},
	author = {Berg, Janine and Johnston, Hannah},
	year = {2019},
	month = {01},
	date = {2019-01-01},
	journal = {ILR Review},
	pages = {39--68},
	volume = {72},
	number = {1},
	doi = {10.1177/0019793918798593},
	url = {https://doi.org/10.1177/0019793918798593},
	note = {Publisher: SAGE Publications Inc},
	langid = {en}
}

@article{lawrence2022,
	title = {Uber paid academics six-figure sums for research to feed to the media},
	author = {Lawrence, Felicity},
	year = {2022},
	month = {07},
	date = {2022-07-12},
	journal = {The Guardian},
	url = {https://www.theguardian.com/news/2022/jul/12/uber-paid-academics-six-figure-sums-for-research-to-feed-to-the-media},
	langid = {australian}
}

@article{mojtehedzadeh2022,
	title = {The Uber Files: A kill switch, intense lobbying and driver exploitation. Leaked documents reveal {\textquoteleft}cutthroat{\textquoteright} tactics that built ride-hailing empire},
	author = {Mojtehedzadeh, Sara},
	year = {2022},
	month = {07},
	date = {2022-07-10},
	journal = {The Toronto Star},
	url = {https://www.thestar.com/news/investigations/2022/07/10/uber-files-reveal-playbook-that-fueled-ride-share-firms-rise.html},
	langid = {en}
}

@misc{theinternationalconsortiumofinvestigativejournalists2022,
	title = {The Uber Files},
	author = {The International Consortium of Investigative Journalists, },
	year = {2022},
	month = {07},
	date = {2022-07-10},
	url = {https://www.icij.org/investigations/uber-files/},
	langid = {canadian}
}

@misc{cityofchicago2022,
	title = {Transportation Network Providers - Trips},
	author = {City of Chicago, },
	year = {2022},
	date = {2022},
	url = {https://data.cityofchicago.org/Transportation/Transportation-Network-Providers-Trips/m6dm-c72p}
}

@misc{newyorkcityopendata2022,
	title = {Uber Data},
	author = {New York City Open Data, },
	year = {2022},
	date = {2022},
	url = {https://data.cityofnewyork.us/Transportation/uber-Data/gre9-vvjv}
}

@techreport{policyinnovationtransportationservices2021,
	title = {The Transportation Impacts of Vehicle-for-Hire in the City of Toronto: October 2018 to July 2021},
	author = {{Policy & Innovation Transportation Services}, },
	year = {2021},
	month = {11},
	date = {2021-11},
	pages = {33},
	url = {https://www.toronto.ca/wp-content/uploads/2021/11/98cd-VFHTransportationImpacts2021-11-23.pdf}
}

@techreport{policyinnovationtransportationservices2019,
	title = {The Transportation Impacts of Vehicle-for-Hire in the City of Toronto},
	author = {{Policy & Innovation Transportation Services}, },
	year = {2019},
	month = {06},
	date = {2019-06},
	pages = {64},
	url = {https://www.toronto.ca/wp-content/uploads/2019/06/96c7-Report_v1.0_2019-06-21.pdf}
}

@book{thepyodidedevelopmentteam2022,
	title = {pyodide/pyodide},
	author = {The Pyodide development team, },
	year = {2022},
	date = {2022},
	publisher = {Zenodo},
	url = {https://doi.org/10.5281/zenodo.5156931}
}

@techreport{balding2019,
	title = {Estimated TNC Share of VMT in Six US Metropolitan Regions},
	author = {Balding, Melissa and Whinery, Teresa and Leshner, Eleanor and Womeldohrf, Eric},
	year = {2019},
	month = {08},
	date = {2019-08-06},
	url = {https://drive.google.com/file/d/1FIUskVkj9lsAnWJQ6kLhAhNoVLjfFdx3/view?usp=embed_facebook}
}

@techreport{schaller2017,
	title = {Unsustainable? The growth of app-based ride services and traffic, travel and the future of New York City},
	author = {Schaller, Bruce},
	year = {2017},
	month = {02},
	date = {2017-02-27},
	url = {http://www.schallerconsult.com/rideservices/unsustainable.pdf}
}

@techreport{cramer2016,
	title = {Disruptive Change in the Taxi Business: The Case of Uber},
	author = {Cramer, Judd and Krueger, Alan B},
	year = {2016},
	month = {03},
	date = {2016-03},
	pages = {15},
	langid = {en}
}

@article{hyman2020,
	title = {Platform Driving In Seattle},
	author = {Hyman, Louis and Groshen, Erica L. and Litwin, Adam Seth and Wells, Martin T. and Thompson, Kwelina P. and Chernyshov, Kyrylo},
	year = {2020},
	month = {07},
	date = {2020-07-06},
	url = {https://ecommons.cornell.edu/handle/1813/74305},
	note = {Accepted: 2020-11-17T15:29:16Z},
	langid = {en{\_}US}
}

@techreport{parrott2020,
	title = {A Minimum Compensation Standard for Seattle TNC Drivers},
	author = {Parrott, James A. and Reich, Michael},
	year = {2020},
	month = {07},
	date = {2020-07},
	url = {https://irle.berkeley.edu/files/2020/07/Parrott-Reich-Seattle-Report_July-2020.pdf}
}

@article{young2020,
	title = {Measuring when Uber behaves as a substitute or supplement to transit: An examination of travel-time differences in Toronto},
	author = {Young, Mischa and Allen, Jeff and Farber, Steven},
	year = {2020},
	month = {01},
	date = {2020-01-01},
	journal = {Journal of Transport Geography},
	pages = {102629},
	volume = {82},
	doi = {10.1016/j.jtrangeo.2019.102629},
	url = {https://www.sciencedirect.com/science/article/pii/S0966692319305459},
	langid = {en}
}

@article{erhardt2019,
	title = {Do transportation network companies decrease or increase congestion?},
	author = {Erhardt, Gregory D. and Roy, Sneha and Cooper, Drew and Sana, Bhargava and Chen, Mei and Castiglione, Joe},
	year = {2019},
	month = {05},
	date = {2019-05},
	journal = {Science Advances},
	pages = {eaau2670},
	volume = {5},
	number = {5},
	doi = {10.1126/sciadv.aau2670},
	url = {https://www.science.org/doi/10.1126/sciadv.aau2670},
	langid = {en}
}

@article{scheiber2017,
	title = {How Uber Uses Psychological Tricks to Push Its Drivers{\textquoteright} Buttons},
	author = {Scheiber, Noam},
	year = {2017},
	month = {04},
	date = {2017-04-02},
	journal = {The New York Times},
	url = {https://www.nytimes.com/interactive/2017/04/02/technology/uber-drivers-psychological-tricks.html}
}

@misc{uberinc.2023,
	title = {Review my cancellation fee | Rider - Uber Help},
	author = {{Uber, Inc.}, },
	year = {2023},
	month = {04},
	date = {2023-04-30},
	url = {https://help.uber.com/riders/article/review-my-cancellation-fee?nodeId=6bec690f-ee35-40ba-96ee-c38a8ae796e0},
	langid = {en}
}
